%Entries

@Article{Abril07,
	author        = "Patricia S. Abril and Robert Plant",
	title         = "The patent holder's dilemma: Buy, sell, or troll?",
	journal       = "Communications of the ACM",
	volume        = "50",
	number        = "1",
	month         = jan,
	year          = "2007",
	pages         = "36--44",
	doi           = "10.1145/1188913.1188915",
	url           = "http://doi.acm.org/10.1145/1219092.1219093",
	note          = "",
}

@Article{Cohen07,
	author        = "Sarah Cohen and Werner Nutt and Yehoshua Sagic",
	title         = "Deciding equivalances among conjunctive aggregate queries",
	journal       = JACM,
	articleno     = "5",
	numpages      = "50",
	volume        = "54",
	number        = "2",
	month         = apr,
	year          = "2007",
	doi           = "10.1145/1219092.1219093",
	url           = "http://doi.acm.org/10.1145/1219092.1219093",
	acmid         = "1219093",
	note          = "",
}